@online{avma2019,
  title = {Census of Veterinarians Finds Trends, Shortages, Practice Ownership},
  author = {{American Veterinary Medical Association}},
  year = {2019},
  url = {https://www.avma.org/javma-news/2019-07-15/census-veterinarians-finds-trends-shortages-practice-ownership},
  note = {Accessed: 2025-07-12}
}